@book{giraud_introduction_2015,
	location = {Boca Raton},
	title = {Introduction to high-dimensional statistics},
	isbn = {978-1-4822-3794-8},
	series = {Monographs on statistics and applied probability},
	pagetotal = {255},
	number = {139},
	publisher = {{CRC} Press, Taylor \& Francis Group},
	author = {Giraud, Christophe},
	date = {2015},
	keywords = {Big data, Dimensional analysis, Multivariate analysis, Statistics},
}