@article{diaconis_computer-intensive_1983,
	title = {Computer-Intensive Methods in Statistics},
	volume = {248},
	issn = {0036-8733},
	url = {https://www.scientificamerican.com/article/computer-intensive-methods-in-stati},
	doi = {10.1038/scientificamerican0583-116},
	pages = {116--130},
	number = {5},
	journaltitle = {Scientific American},
	shortjournal = {Sci Am},
	author = {Diaconis, Persi and Efron, Bradley},
	urldate = {2021-10-13},
	date = {1983-05},
}