@book{mclachlan_em_2008,
	location = {Hoboken, N.J},
	edition = {2nd ed},
	title = {The {EM} algorithm and extensions},
	isbn = {978-0-471-20170-0},
	series = {Wiley series in probability and statistics},
	pagetotal = {359},
	publisher = {Wiley-Interscience},
	author = {{McLachlan}, Geoffrey J. and Krishnan, T.},
	date = {2008},
	note = {{OCLC}: ocn137325058},
	keywords = {Estimation theory, Expectation-maximization algorithms, Missing observations (Statistics)},
}

@book{hastie_elements_2009,
	location = {New York, {NY}},
	edition = {2nd ed},
	title = {The elements of statistical learning: data mining, inference, and prediction},
	isbn = {978-0-387-84857-0 978-0-387-84858-7},
	series = {Springer series in statistics},
	shorttitle = {The elements of statistical learning},
	pagetotal = {745},
	publisher = {Springer},
	author = {Hastie, Trevor and Tibshirani, Robert and Friedman, J. H.},
	date = {2009},
	keywords = {Statistics, Bioinformatics, Computational intelligence, Data mining, Forecasting, Inference, Machine learning, Methodology},
}

@unpublished{martingonzalezProbabilidadAvanzada2021,
	location = {México, Guanajuato},
	title = {Probabilidad},
	pagetotal = {111},
	type = {Notas de clase},
	author = {Martín González, Ehyter M.},
	date = {2021},
}